% This file was created with JabRef 2.10.
% Encoding: UTF-8


@Article{PhysRevLett.116.061102,
  Title                    = {Observation of Gravitational Waves from a Binary Black Hole Merger},
  Author                   = {Abbott, B. P. and Abbott, R. and Abbott, T. D. and Abernathy, M. R. and Acernese, F. and Ackley, K. and Adams, C. and Adams, T. and Addesso, P. and Adhikari, R. X. and Adya, V. B. and Affeldt, C. and Agathos, M. and Agatsuma, K. and Aggarwal, N. and Aguiar, O. D. and Aiello, L. and Ain, A. and Ajith, P. and Allen, B. and Allocca, A. and Altin, P. A. and Anderson, S. B. and Anderson, W. G. and Arai, K. and Arain, M. A. and Araya, M. C. and Arceneaux, C. C. and Areeda, J. S. and Arnaud, N. and Arun, K. G. and Ascenzi, S. and Ashton, G. and Ast, M. and Aston, S. M. and Astone, P. and Aufmuth, P. and Aulbert, C. and Babak, S. and Bacon, P. and Bader, M. K. M. and Baker, P. T. and Baldaccini, F. and Ballardin, G. and Ballmer, S. W. and Barayoga, J. C. and Barclay, S. E. and Barish, B. C. and Barker, D. and Barone, F. and Barr, B. and Barsotti, L. and Barsuglia, M. and Barta, D. and Bartlett, J. and Barton, M. A. and Bartos, I. and Bassiri, R. and Basti, A. and Batch, J. C. and Baune, C. and Bavigadda, V. and Bazzan, M. and Behnke, B. and Bejger, M. and Belczynski, C. and Bell, A. S. and Bell, C. J. and Berger, B. K. and Bergman, J. and Bergmann, G. and Berry, C. P. L. and Bersanetti, D. and Bertolini, A. and Betzwieser, J. and Bhagwat, S. and Bhandare, R. and Bilenko, I. A. and Billingsley, G. and Birch, J. and Birney, R. and Birnholtz, O. and Biscans, S. and Bisht, A. and Bitossi, M. and Biwer, C. and Bizouard, M. A. and Blackburn, J. K. and Blair, C. D. and Blair, D. G. and Blair, R. M. and Bloemen, S. and Bock, O. and Bodiya, T. P. and Boer, M. and Bogaert, G. and Bogan, C. and Bohe, A. and Bojtos, P. and Bond, C. and Bondu, F. and Bonnand, R. and Boom, B. A. and Bork, R. and Boschi, V. and Bose, S. and Bouffanais, Y. and Bozzi, A. and Bradaschia, C. and Brady, P. R. and Braginsky, V. B. and Branchesi, M. and Brau, J. E. and Briant, T. and Brillet, A. and Brinkmann, M. and Brisson, V. and Brockill, P. and Brooks, A. F. and Brown, D. A. and Brown, D. D. and Brown, N. M. and Buchanan, C. C. and Buikema, A. and Bulik, T. and Bulten, H. J. and Buonanno, A. and Buskulic, D. and Buy, C. and Byer, R. L. and Cabero, M. and Cadonati, L. and Cagnoli, G. and Cahillane, C. and Bustillo, J. Calder\'on and Callister, T. and Calloni, E. and Camp, J. B. and Cannon, K. C. and Cao, J. and Capano, C. D. and Capocasa, E. and Carbognani, F. and Caride, S. and Diaz, J. Casanueva and Casentini, C. and Caudill, S. and Cavagli\`a, M. and Cavalier, F. and Cavalieri, R. and Cella, G. and Cepeda, C. B. and Baiardi, L. Cerboni and Cerretani, G. and Cesarini, E. and Chakraborty, R. and Chalermsongsak, T. and Chamberlin, S. J. and Chan, M. and Chao, S. and Charlton, P. and Chassande-Mottin, E. and Chen, H. Y. and Chen, Y. and Cheng, C. and Chincarini, A. and Chiummo, A. and Cho, H. S. and Cho, M. and Chow, J. H. and Christensen, N. and Chu, Q. and Chua, S. and Chung, S. and Ciani, G. and Clara, F. and Clark, J. A. and Cleva, F. and Coccia, E. and Cohadon, P.-F. and Colla, A. and Collette, C. G. and Cominsky, L. and Constancio, M. and Conte, A. and Conti, L. and Cook, D. and Corbitt, T. R. and Cornish, N. and Corsi, A. and Cortese, S. and Costa, C. A. and Coughlin, M. W. and Coughlin, S. B. and Coulon, J.-P. and Countryman, S. T. and Couvares, P. and Cowan, E. E. and Coward, D. M. and Cowart, M. J. and Coyne, D. C. and Coyne, R. and Craig, K. and Creighton, J. D. E. and Creighton, T. D. and Cripe, J. and Crowder, S. G. and Cruise, A. M. and Cumming, A. and Cunningham, L. and Cuoco, E. and Canton, T. Dal and Danilishin, S. L. and D'Antonio, S. and Danzmann, K. and Darman, N. S. and Da Silva Costa, C. F. and Dattilo, V. and Dave, I. and Daveloza, H. P. and Davier, M. and Davies, G. S. and Daw, E. J. and Day, R. and De, S. and DeBra, D. and Debreczeni, G. and Degallaix, J. and De Laurentis, M. and Del\'eglise, S. and Del Pozzo, W. and Denker, T. and Dent, T. and Dereli, H. and Dergachev, V. and DeRosa, R. T. and De Rosa, R. and DeSalvo, R. and Dhurandhar, S. and D\'{\i}az, M. C. and Di Fiore, L. and Di Giovanni, M. and Di Lieto, A. and Di Pace, S. and Di Palma, I. and Di Virgilio, A. and Dojcinoski, G. and Dolique, V. and Donovan, F. and Dooley, K. L. and Doravari, S. and Douglas, R. and Downes, T. P. and Drago, M. and Drever, R. W. P. and Driggers, J. C. and Du, Z. and Ducrot, M. and Dwyer, S. E. and Edo, T. B. and Edwards, M. C. and Effler, A. and Eggenstein, H.-B. and Ehrens, P. and Eichholz, J. and Eikenberry, S. S. and Engels, W. and Essick, R. C. and Etzel, T. and Evans, M. and Evans, T. M. and Everett, R. and Factourovich, M. and Fafone, V. and Fair, H. and Fairhurst, S. and Fan, X. and Fang, Q. and Farinon, S. and Farr, B. and Farr, W. M. and Favata, M. and Fays, M. and Fehrmann, H. and Fejer, M. M. and Feldbaum, D. and Ferrante, I. and Ferreira, E. C. and Ferrini, F. and Fidecaro, F. and Finn, L. S. and Fiori, I. and Fiorucci, D. and Fisher, R. P. and Flaminio, R. and Fletcher, M. and Fong, H. and Fournier, J.-D. and Franco, S. and Frasca, S. and Frasconi, F. and Frede, M. and Frei, Z. and Freise, A. and Frey, R. and Frey, V. and Fricke, T. T. and Fritschel, P. and Frolov, V. V. and Fulda, P. and Fyffe, M. and Gabbard, H. A. G. and Gair, J. R. and Gammaitoni, L. and Gaonkar, S. G. and Garufi, F. and Gatto, A. and Gaur, G. and Gehrels, N. and Gemme, G. and Gendre, B. and Genin, E. and Gennai, A. and George, J. and Gergely, L. and Germain, V. and Ghosh, Abhirup and Ghosh, Archisman and Ghosh, S. and Giaime, J. A. and Giardina, K. D. and Giazotto, A. and Gill, K. and Glaefke, A. and Gleason, J. R. and Goetz, E. and Goetz, R. and Gondan, L. and Gonz\'alez, G. and Castro, J. M. Gonzalez and Gopakumar, A. and Gordon, N. A. and Gorodetsky, M. L. and Gossan, S. E. and Gosselin, M. and Gouaty, R. and Graef, C. and Graff, P. B. and Granata, M. and Grant, A. and Gras, S. and Gray, C. and Greco, G. and Green, A. C. and Greenhalgh, R. J. S. and Groot, P. and Grote, H. and Grunewald, S. and Guidi, G. M. and Guo, X. and Gupta, A. and Gupta, M. K. and Gushwa, K. E. and Gustafson, E. K. and Gustafson, R. and Hacker, J. J. and Hall, B. R. and Hall, E. D. and Hammond, G. and Haney, M. and Hanke, M. M. and Hanks, J. and Hanna, C. and Hannam, M. D. and Hanson, J. and Hardwick, T. and Harms, J. and Harry, G. M. and Harry, I. W. and Hart, M. J. and Hartman, M. T. and Haster, C.-J. and Haughian, K. and Healy, J. and Heefner, J. and Heidmann, A. and Heintze, M. C. and Heinzel, G. and Heitmann, H. and Hello, P. and Hemming, G. and Hendry, M. and Heng, I. S. and Hennig, J. and Heptonstall, A. W. and Heurs, M. and Hild, S. and Hoak, D. and Hodge, K. A. and Hofman, D. and Hollitt, S. E. and Holt, K. and Holz, D. E. and Hopkins, P. and Hosken, D. J. and Hough, J. and Houston, E. A. and Howell, E. J. and Hu, Y. M. and Huang, S. and Huerta, E. A. and Huet, D. and Hughey, B. and Husa, S. and Huttner, S. H. and Huynh-Dinh, T. and Idrisy, A. and Indik, N. and Ingram, D. R. and Inta, R. and Isa, H. N. and Isac, J.-M. and Isi, M. and Islas, G. and Isogai, T. and Iyer, B. R. and Izumi, K. and Jacobson, M. B. and Jacqmin, T. and Jang, H. and Jani, K. and Jaranowski, P. and Jawahar, S. and Jim\'enez-Forteza, F. and Johnson, W. W. and Johnson-McDaniel, N. K. and Jones, D. I. and Jones, R. and Jonker, R. J. G. and Ju, L. and Haris, K. and Kalaghatgi, C. V. and Kalogera, V. and Kandhasamy, S. and Kang, G. and Kanner, J. B. and Karki, S. and Kasprzack, M. and Katsavounidis, E. and Katzman, W. and Kaufer, S. and Kaur, T. and Kawabe, K. and Kawazoe, F. and K\'ef\'elian, F. and Kehl, M. S. and Keitel, D. and Kelley, D. B. and Kells, W. and Kennedy, R. and Keppel, D. G. and Key, J. S. and Khalaidovski, A. and Khalili, F. Y. and Khan, I. and Khan, S. and Khan, Z. and Khazanov, E. A. and Kijbunchoo, N. and Kim, C. and Kim, J. and Kim, K. and Kim, Nam-Gyu and Kim, Namjun and Kim, Y.-M. and King, E. J. and King, P. J. and Kinzel, D. L. and Kissel, J. S. and Kleybolte, L. and Klimenko, S. and Koehlenbeck, S. M. and Kokeyama, K. and Koley, S. and Kondrashov, V. and Kontos, A. and Koranda, S. and Korobko, M. and Korth, W. Z. and Kowalska, I. and Kozak, D. B. and Kringel, V. and Krishnan, B. and Kr\'olak, A. and Krueger, C. and Kuehn, G. and Kumar, P. and Kumar, R. and Kuo, L. and Kutynia, A. and Kwee, P. and Lackey, B. D. and Landry, M. and Lange, J. and Lantz, B. and Lasky, P. D. and Lazzarini, A. and Lazzaro, C. and Leaci, P. and Leavey, S. and Lebigot, E. O. and Lee, C. H. and Lee, H. K. and Lee, H. M. and Lee, K. and Lenon, A. and Leonardi, M. and Leong, J. R. and Leroy, N. and Letendre, N. and Levin, Y. and Levine, B. M. and Li, T. G. F. and Libson, A. and Littenberg, T. B. and Lockerbie, N. A. and Logue, J. and Lombardi, A. L. and London, L. T. and Lord, J. E. and Lorenzini, M. and Loriette, V. and Lormand, M. and Losurdo, G. and Lough, J. D. and Lousto, C. O. and Lovelace, G. and L\"uck, H. and Lundgren, A. P. and Luo, J. and Lynch, R. and Ma, Y. and MacDonald, T. and Machenschalk, B. and MacInnis, M. and Macleod, D. M. and Maga\~na-Sandoval, F. and Magee, R. M. and Mageswaran, M. and Majorana, E. and Maksimovic, I. and Malvezzi, V. and Man, N. and Mandel, I. and Mandic, V. and Mangano, V. and Mansell, G. L. and Manske, M. and Mantovani, M. and Marchesoni, F. and Marion, F. and M\'arka, S. and M\'arka, Z. and Markosyan, A. S. and Maros, E. and Martelli, F. and Martellini, L. and Martin, I. W. and Martin, R. M. and Martynov, D. V. and Marx, J. N. and Mason, K. and Masserot, A. and Massinger, T. J. and Masso-Reid, M. and Matichard, F. and Matone, L. and Mavalvala, N. and Mazumder, N. and Mazzolo, G. and McCarthy, R. and McClelland, D. E. and McCormick, S. and McGuire, S. C. and McIntyre, G. and McIver, J. and McManus, D. J. and McWilliams, S. T. and Meacher, D. and Meadors, G. D. and Meidam, J. and Melatos, A. and Mendell, G. and Mendoza-Gandara, D. and Mercer, R. A. and Merilh, E. and Merzougui, M. and Meshkov, S. and Messenger, C. and Messick, C. and Meyers, P. M. and Mezzani, F. and Miao, H. and Michel, C. and Middleton, H. and Mikhailov, E. E. and Milano, L. and Miller, J. and Millhouse, M. and Minenkov, Y. and Ming, J. and Mirshekari, S. and Mishra, C. and Mitra, S. and Mitrofanov, V. P. and Mitselmakher, G. and Mittleman, R. and Moggi, A. and Mohan, M. and Mohapatra, S. R. P. and Montani, M. and Moore, B. C. and Moore, C. J. and Moraru, D. and Moreno, G. and Morriss, S. R. and Mossavi, K. and Mours, B. and Mow-Lowry, C. M. and Mueller, C. L. and Mueller, G. and Muir, A. W. and Mukherjee, Arunava and Mukherjee, D. and Mukherjee, S. and Mukund, N. and Mullavey, A. and Munch, J. and Murphy, D. J. and Murray, P. G. and Mytidis, A. and Nardecchia, I. and Naticchioni, L. and Nayak, R. K. and Necula, V. and Nedkova, K. and Nelemans, G. and Neri, M. and Neunzert, A. and Newton, G. and Nguyen, T. T. and Nielsen, A. B. and Nissanke, S. and Nitz, A. and Nocera, F. and Nolting, D. and Normandin, M. E. N. and Nuttall, L. K. and Oberling, J. and Ochsner, E. and O'Dell, J. and Oelker, E. and Ogin, G. H. and Oh, J. J. and Oh, S. H. and Ohme, F. and Oliver, M. and Oppermann, P. and Oram, Richard J. and O'Reilly, B. and O'Shaughnessy, R. and Ott, C. D. and Ottaway, D. J. and Ottens, R. S. and Overmier, H. and Owen, B. J. and Pai, A. and Pai, S. A. and Palamos, J. R. and Palashov, O. and Palomba, C. and Pal-Singh, A. and Pan, H. and Pan, Y. and Pankow, C. and Pannarale, F. and Pant, B. C. and Paoletti, F. and Paoli, A. and Papa, M. A. and Paris, H. R. and Parker, W. and Pascucci, D. and Pasqualetti, A. and Passaquieti, R. and Passuello, D. and Patricelli, B. and Patrick, Z. and Pearlstone, B. L. and Pedraza, M. and Pedurand, R. and Pekowsky, L. and Pele, A. and Penn, S. and Perreca, A. and Pfeiffer, H. P. and Phelps, M. and Piccinni, O. and Pichot, M. and Pickenpack, M. and Piergiovanni, F. and Pierro, V. and Pillant, G. and Pinard, L. and Pinto, I. M. and Pitkin, M. and Poeld, J. H. and Poggiani, R. and Popolizio, P. and Post, A. and Powell, J. and Prasad, J. and Predoi, V. and Premachandra, S. S. and Prestegard, T. and Price, L. R. and Prijatelj, M. and Principe, M. and Privitera, S. and Prix, R. and Prodi, G. A. and Prokhorov, L. and Puncken, O. and Punturo, M. and Puppo, P. and P\"urrer, M. and Qi, H. and Qin, J. and Quetschke, V. and Quintero, E. A. and Quitzow-James, R. and Raab, F. J. and Rabeling, D. S. and Radkins, H. and Raffai, P. and Raja, S. and Rakhmanov, M. and Ramet, C. R. and Rapagnani, P. and Raymond, V. and Razzano, M. and Re, V. and Read, J. and Reed, C. M. and Regimbau, T. and Rei, L. and Reid, S. and Reitze, D. H. and Rew, H. and Reyes, S. D. and Ricci, F. and Riles, K. and Robertson, N. A. and Robie, R. and Robinet, F. and Rocchi, A. and Rolland, L. and Rollins, J. G. and Roma, V. J. and Romano, J. D. and Romano, R. and Romanov, G. and Romie, J. H. and Rosi\ifmmode \acute{n}\else \'{n}\fi{}ska, D. and Rowan, S. and R\"udiger, A. and Ruggi, P. and Ryan, K. and Sachdev, S. and Sadecki, T. and Sadeghian, L. and Salconi, L. and Saleem, M. and Salemi, F. and Samajdar, A. and Sammut, L. and Sampson, L. M. and Sanchez, E. J. and Sandberg, V. and Sandeen, B. and Sanders, G. H. and Sanders, J. R. and Sassolas, B. and Sathyaprakash, B. S. and Saulson, P. R. and Sauter, O. and Savage, R. L. and Sawadsky, A. and Schale, P. and Schilling, R. and Schmidt, J. and Schmidt, P. and Schnabel, R. and Schofield, R. M. S. and Sch\"onbeck, A. and Schreiber, E. and Schuette, D. and Schutz, B. F. and Scott, J. and Scott, S. M. and Sellers, D. and Sengupta, A. S. and Sentenac, D. and Sequino, V. and Sergeev, A. and Serna, G. and Setyawati, Y. and Sevigny, A. and Shaddock, D. A. and Shaffer, T. and Shah, S. and Shahriar, M. S. and Shaltev, M. and Shao, Z. and Shapiro, B. and Shawhan, P. and Sheperd, A. and Shoemaker, D. H. and Shoemaker, D. M. and Siellez, K. and Siemens, X. and Sigg, D. and Silva, A. D. and Simakov, D. and Singer, A. and Singer, L. P. and Singh, A. and Singh, R. and Singhal, A. and Sintes, A. M. and Slagmolen, B. J. J. and Smith, J. R. and Smith, M. R. and Smith, N. D. and Smith, R. J. E. and Son, E. J. and Sorazu, B. and Sorrentino, F. and Souradeep, T. and Srivastava, A. K. and Staley, A. and Steinke, M. and Steinlechner, J. and Steinlechner, S. and Steinmeyer, D. and Stephens, B. C. and Stevenson, S. P. and Stone, R. and Strain, K. A. and Straniero, N. and Stratta, G. and Strauss, N. A. and Strigin, S. and Sturani, R. and Stuver, A. L. and Summerscales, T. Z. and Sun, L. and Sutton, P. J. and Swinkels, B. L. and Szczepa\ifmmode \acute{n}\else \'{n}\fi{}czyk, M. J. and Tacca, M. and Talukder, D. and Tanner, D. B. and T\'apai, M. and Tarabrin, S. P. and Taracchini, A. and Taylor, R. and Theeg, T. and Thirugnanasambandam, M. P. and Thomas, E. G. and Thomas, M. and Thomas, P. and Thorne, K. A. and Thorne, K. S. and Thrane, E. and Tiwari, S. and Tiwari, V. and Tokmakov, K. V. and Tomlinson, C. and Tonelli, M. and Torres, C. V. and Torrie, C. I. and T\"oyr\"a, D. and Travasso, F. and Traylor, G. and Trifir\`o, D. and Tringali, M. C. and Trozzo, L. and Tse, M. and Turconi, M. and Tuyenbayev, D. and Ugolini, D. and Unnikrishnan, C. S. and Urban, A. L. and Usman, S. A. and Vahlbruch, H. and Vajente, G. and Valdes, G. and Vallisneri, M. and van Bakel, N. and van Beuzekom, M. and van den Brand, J. F. J. and Van Den Broeck, C. and Vander-Hyde, D. C. and van der Schaaf, L. and van Heijningen, J. V. and van Veggel, A. A. and Vardaro, M. and Vass, S. and Vas\'uth, M. and Vaulin, R. and Vecchio, A. and Vedovato, G. and Veitch, J. and Veitch, P. J. and Venkateswara, K. and Verkindt, D. and Vetrano, F. and Vicer\'e, A. and Vinciguerra, S. and Vine, D. J. and Vinet, J.-Y. and Vitale, S. and Vo, T. and Vocca, H. and Vorvick, C. and Voss, D. and Vousden, W. D. and Vyatchanin, S. P. and Wade, A. R. and Wade, L. E. and Wade, M. and Waldman, S. J. and Walker, M. and Wallace, L. and Walsh, S. and Wang, G. and Wang, H. and Wang, M. and Wang, X. and Wang, Y. and Ward, H. and Ward, R. L. and Warner, J. and Was, M. and Weaver, B. and Wei, L.-W. and Weinert, M. and Weinstein, A. J. and Weiss, R. and Welborn, T. and Wen, L. and We\ss{}els, P. and Westphal, T. and Wette, K. and Whelan, J. T. and Whitcomb, S. E. and White, D. J. and Whiting, B. F. and Wiesner, K. and Wilkinson, C. and Willems, P. A. and Williams, L. and Williams, R. D. and Williamson, A. R. and Willis, J. L. and Willke, B. and Wimmer, M. H. and Winkelmann, L. and Winkler, W. and Wipf, C. C. and Wiseman, A. G. and Wittel, H. and Woan, G. and Worden, J. and Wright, J. L. and Wu, G. and Yablon, J. and Yakushin, I. and Yam, W. and Yamamoto, H. and Yancey, C. C. and Yap, M. J. and Yu, H. and Yvert, M. and Zadro\ifmmode \dot{z}\else \.{z}\fi{}ny, A. and Zangrando, L. and Zanolin, M. and Zendri, J.-P. and Zevin, M. and Zhang, F. and Zhang, L. and Zhang, M. and Zhang, Y. and Zhao, C. and Zhou, M. and Zhou, Z. and Zhu, X. J. and Zucker, M. E. and Zuraw, S. E. and Zweizig, J.},
  Journal                  = {Phys. Rev. Lett.},
  Year                     = {2016},

  Month                    = {Feb},
  Pages                    = {061102},
  Volume                   = {116},

  Collaboration            = {LIGO Scientific Collaboration and Virgo Collaboration},
  Doi                      = {10.1103/PhysRevLett.116.061102},
  Issue                    = {6},
  Numpages                 = {16},
  Owner                    = {yfwang},
  Publisher                = {American Physical Society},
  Timestamp                = {2016.11.14},
  Url                      = {http://link.aps.org/doi/10.1103/PhysRevLett.116.061102}
}

@Article{Ames1968,
  Title                    = {The Optical Appearance of a Star that is Collapsing Through its Gravitational Radius},
  Author                   = {Ames, William L. and Thorne, Kip S.},
  Journal                  = {The Astrophysical Journal},
  Year                     = {1968},

  Month                    = {Feb},
  Pages                    = {659},
  Volume                   = {151},

  Doi                      = {10.1086/149465},
  ISSN                     = {1538-4357},
  Owner                    = {yfwang},
  Publisher                = {IOP Publishing},
  Timestamp                = {2017.02.16},
  Url                      = {http://dx.doi.org/10.1086/149465}
}

@Article{Bardeen1973,
  Title                    = {The four laws of black hole mechanics},
  Author                   = {Bardeen, J. M. and Carter, B. and Hawking, Stephen William},
  Journal                  = {Communications in Mathematical Physics},
  Year                     = {1973},

  Month                    = {Jun},
  Number                   = {2},
  Pages                    = {161–170},
  Volume                   = {31},

  Doi                      = {10.1007/bf01645742},
  ISSN                     = {1432-0916},
  Owner                    = {yfwang},
  Publisher                = {Springer Nature},
  Timestamp                = {2017.02.16},
  Url                      = {http://dx.doi.org/10.1007/BF01645742}
}

@Article{PhysRevD.7.2333,
  Title                    = {{Black Holes and Entropy}},
  Author                   = {Bekenstein, Jacob D.},
  Journal                  = {Phys. Rev. D},
  Year                     = {1973},

  Month                    = {Apr},
  Pages                    = {2333--2346},
  Volume                   = {7},

  Doi                      = {10.1103/PhysRevD.7.2333},
  Issue                    = {8},
  Numpages                 = {0},
  Publisher                = {American Physical Society},
  Url                      = {http://link.aps.org/doi/10.1103/PhysRevD.7.2333}
}

@Article{Blandford01071977,
  Title                    = {Electromagnetic extraction of energy from Kerr black holes},
  Author                   = {Blandford, R. D. and Znajek, R. L.},
  Journal                  = {Monthly Notices of the Royal Astronomical Society},
  Year                     = {1977},
  Number                   = {3},
  Pages                    = {433--456},
  Volume                   = {179},

  Abstract                 = {When a rotating black hole is threaded by magnetic field lines supported by external currents flowing in an equatorial disc, an electric potential difference will be induced. If the field strength is large enough, the vacuum is unstable to a cascade production of electron–positron pairs and a surrounding force-free magnetosphere will be established. Under these circumstances it is demonstrated that energy and angular momentum will be extracted electromagnetically. As a further consequence it is shown that charge can never contribute significantly to the geometry of a rotating hole. The fundamental equations describing a stationary axisymmetric magnetosphere are derived and the details of the energy and angular momentum balance are discussed. A perturbation technique is developed which can be used to provide approximate solutions for slowly rotating holes. Solutions appropriate when the field lines threading the hole lie on conical and paraboloidal surfaces at large distances are described to illustrate this mechanism.These ideas are incorporated into a discussion of a model of active galactic nuclei containing a massive black hole surrounded by a magnetized accretion disc. In this model relativistic electrons can be accelerated at large distances from the hole and therefore will not incur serious losses, which is a defect of some existing models. In addition, if the field lines have paraboloidal shape, the energy will be beamed along antiparallel directions as observations of both compact and extended radio sources seem to require.},
  Doi                      = {10.1093/mnras/179.3.433},
  Eprint                   = {http://mnras.oxfordjournals.org/content/179/3/433.full.pdf+html},
  Url                      = {http://mnras.oxfordjournals.org/content/179/3/433.abstract}
}

@Article{Bondi_1957,
  Title                    = {Negative Mass in General Relativity},
  Author                   = {Bondi, H.},
  Journal                  = {Reviews of Modern Physics},
  Year                     = {1957},

  Month                    = {jul},
  Number                   = {3},
  Pages                    = {423--428},
  Volume                   = {29},

  Doi                      = {10.1103/revmodphys.29.423},
  Owner                    = {yfwang},
  Publisher                = {American Physical Society ({APS})},
  Timestamp                = {2017.10.11},
  Url                      = {https://doi.org/10.1103%2Frevmodphys.29.423}
}

@Article{Bondi1948,
  Title                    = {The Steady-State Theory of the Expanding Universe},
  Author                   = {Bondi, H. and Gold, T.},
  Journal                  = {Monthly Notices of the Royal Astronomical Society},
  Year                     = {1948},

  Month                    = {Jun},
  Number                   = {3},
  Pages                    = {252–270},
  Volume                   = {108},

  Doi                      = {10.1093/mnras/108.3.252},
  ISSN                     = {1365-2966},
  Owner                    = {yfwang},
  Publisher                = {Oxford University Press (OUP)},
  Timestamp                = {2016.11.18},
  Url                      = {http://dx.doi.org/10.1093/mnras/108.3.252}
}

@Online{Border_2000,
  Title                    = {Euler's Theorem for Homogeneous Functions},
  Author                   = {Border, Kim C.},
  Month                    = {oct},
  Owner                    = {yfwang},
  Timestamp                = {2017.10.14},
  Url                      = {http://people.hss.caltech.edu/~kcb/Notes/EulerHomogeneity.pdf},
  Year                     = {2000}
}

@InProceedings{Born_1956,
  Title                    = {Physics and Relativity},
  Author                   = {Born, Max},
  Booktitle                = {Jubilee of Relativity Theory},
  Year                     = {1956},
  Editor                   = {Mercier, A. and Kervaire, M.},
  Publisher                = {Birkhauser},

  Owner                    = {yfwang},
  Timestamp                = {2017.10.11},
  Url                      = {https://books.google.de/books?id=VJA1cgAACAAJ}
}

@Article{:/content/aip/journal/jmp/8/2/10.1063/1.1705193,
  Title                    = {{Maximal Analytic Extension of the Kerr Metric}},
  Author                   = {Boyer, Robert H. and Lindquist, Richard W.},
  Journal                  = {Journal of Mathematical Physics},
  Year                     = {1967},
  Number                   = {2},
  Pages                    = {265--281},
  Volume                   = {8},

  Doi                      = {10.1063/1.1705193},
  Url                      = {http://scitation.aip.org/content/aip/journal/jmp/8/2/10.1063/1.1705193}
}

@Book{Carroll_2003,
  Title                    = {Spacetime and Geometry: An Introduction to General Relativity},
  Author                   = {Carroll, Sean},
  Publisher                = {Pearson},
  Year                     = {2003},
  Month                    = {sep},

  ISBN                     = {978-0805387322},
  Owner                    = {yfwang},
  Timestamp                = {2017.10.11}
}

@Article{PhysRev.174.1559,
  Title                    = {Global Structure of the Kerr Family of Gravitational Fields},
  Author                   = {Carter, Brandon},
  Journal                  = {Phys. Rev.},
  Year                     = {1968},

  Month                    = {Oct},
  Pages                    = {1559--1571},
  Volume                   = {174},

  Doi                      = {10.1103/PhysRev.174.1559},
  Issue                    = {5},
  Numpages                 = {0},
  Publisher                = {American Physical Society},
  Url                      = {http://link.aps.org/doi/10.1103/PhysRev.174.1559}
}

@Book{chandrasekhar1998mathematical,
  Title                    = {The Mathematical Theory of Black Holes},
  Author                   = {Chandrasekhar, S.},
  Publisher                = {Oxford University},
  Year                     = {1998},
  Month                    = {nov},
  Series                   = {Oxford classic texts in the physical sciences},

  ISBN                     = {9780198503705},
  Lccn                     = {82007920},
  Url                      = {http://www.oupcanada.com/catalog/9780198503705.html}
}

@Article{PhysRevLett.25.1596,
  Title                    = {Reversible and Irreversible Transformations in Black-Hole Physics},
  Author                   = {Christodoulou, Demetrios},
  Journal                  = {Phys. Rev. Lett.},
  Year                     = {1970},

  Month                    = {Nov},
  Pages                    = {1596--1597},
  Volume                   = {25},

  Doi                      = {10.1103/PhysRevLett.25.1596},
  Issue                    = {22},
  Numpages                 = {0},
  Publisher                = {American Physical Society},
  Url                      = {http://link.aps.org/doi/10.1103/PhysRevLett.25.1596}
}

@Article{lrr-2012-7,
  Title                    = {Stationary Black Holes: Uniqueness and Beyond},
  Author                   = {Piotr T. Chruściel and João Lopes Costa and Markus Heusler},
  Journal                  = {Living Reviews in Relativity},
  Year                     = {2012},
  Number                   = {7},
  Volume                   = {15},

  Doi                      = {10.1007/lrr-2012-7},
  Keywords                 = {black holes, self-gravitating classical fields, uniqueness theorems},
  Url                      = {http://www.livingreviews.org/lrr-2012-7}
}

@Article{Dicke1965,
  Title                    = {Cosmic Black-Body Radiation.},
  Author                   = {Dicke, R. H. and Peebles, P. J. E. and Roll, P. G. and Wilkinson, D. T.},
  Journal                  = {The Astrophysical Journal},
  Year                     = {1965},

  Month                    = {Jul},
  Pages                    = {414},
  Volume                   = {142},

  Doi                      = {10.1086/148306},
  ISSN                     = {1538-4357},
  Owner                    = {yfwang},
  Publisher                = {IOP Publishing},
  Timestamp                = {2017.02.16},
  Url                      = {http://dx.doi.org/10.1086/148306}
}

@Article{Eddington1930,
  Title                    = {On the Instability of {Einstein}’s Spherical World},
  Author                   = {Eddington, A. S.},
  Journal                  = {Monthly Notices of the Royal Astronomical Society},
  Year                     = {1930},

  Month                    = {May},
  Number                   = {7},
  Pages                    = {668–678},
  Volume                   = {90},

  __markedentry            = {[yfwang:6]},
  Doi                      = {10.1093/mnras/90.7.668},
  ISSN                     = {1365-2966},
  Owner                    = {yfwang},
  Publisher                = {Oxford University Press (OUP)},
  Timestamp                = {2017.03.26},
  Url                      = {http://dx.doi.org/10.1093/mnras/90.7.668}
}

@Article{Ehlers1968,
  Title                    = {Isotropic Solutions of the {Einstein}‐Liouville Equations},
  Author                   = {Ehlers, J. and Geren, P. and Sachs, R. K.},
  Journal                  = {Journal of Mathematical Physics},
  Year                     = {1968},

  Month                    = {Sep},
  Number                   = {9},
  Pages                    = {1344–1349},
  Volume                   = {9},

  Doi                      = {10.1063/1.1664720},
  ISSN                     = {1089-7658},
  Owner                    = {yfwang},
  Publisher                = {AIP Publishing},
  Timestamp                = {2017.02.21},
  Url                      = {http://dx.doi.org/10.1063/1.1664720}
}

@Article{einstein1930kosmologischen,
  Title                    = {Zum kosmologischen Problem der allgemeinen Relativit{\"a}tstheorie},
  Author                   = {Einstein, Albert},
  Journal                  = {Sitzungsberichte der Preußischen Akademie der Wissenschaften},
  Year                     = {1930},

  Owner                    = {yfwang},
  Timestamp                = {2016.11.17}
}

@Article{einstein1917kosmologische,
  Title                    = {Kosmologische Betrachtungen zur allgemeinen Relativitätstheorie},
  Author                   = {Einstein, Albert},
  Journal                  = {Sitzungsberichte der Königlich Preussischen Akademie der Wissenschaften Berlin},
  Year                     = {1917},
  Pages                    = {142--152},
  Volume                   = {1},

  Owner                    = {yfwang},
  Timestamp                = {2016.11.17}
}

@Article{Einstein_1905,
  Title                    = {Zur Elektrodynamik bewegter Körper},
  Author                   = {Einstein, Albert},
  Journal                  = {Annalen der Physik},
  Year                     = {1905},
  Number                   = {10},
  Pages                    = {891--921},
  Volume                   = {322},

  Doi                      = {10.1002/andp.19053221004},
  Owner                    = {yfwang},
  Publisher                = {Wiley-Blackwell},
  Timestamp                = {2017.10.11},
  Url                      = {https://doi.org/10.1002%2Fandp.19053221004}
}

@Article{Einstein1932,
  Title                    = {On the Relation between the Expansion and the Mean Density of the Universe},
  Author                   = {Einstein, Albert and {de Sitter}, W.},
  Journal                  = {Proceedings of the National Academy of Sciences},
  Year                     = {1932},

  Month                    = {Mar},
  Number                   = {3},
  Pages                    = {213–214},
  Volume                   = {18},

  Doi                      = {10.1073/pnas.18.3.213},
  ISSN                     = {1091-6490},
  Owner                    = {yfwang},
  Publisher                = {Proceedings of the National Academy of Sciences},
  Timestamp                = {2017.03.07},
  Url                      = {http://dx.doi.org/10.1073/pnas.18.3.213}
}

@Article{PhysRev.48.73,
  Title                    = {The Particle Problem in the General Theory of Relativity},
  Author                   = {Einstein, Albert and Rosen, N.},
  Journal                  = {Phys. Rev.},
  Year                     = {1935},

  Month                    = {Jul},
  Pages                    = {73--77},
  Volume                   = {48},

  Doi                      = {10.1103/PhysRev.48.73},
  Issue                    = {1},
  Numpages                 = {0},
  Publisher                = {American Physical Society},
  Url                      = {http://link.aps.org/doi/10.1103/PhysRev.48.73}
}

@Article{flamm1916beitraege,
  Title                    = {Beitr{\"a}ge zur Einsteinschen Gravitationstheorie},
  Author                   = {Flamm, Ludwig},
  Journal                  = {Physikalische Zeitschrift},
  Year                     = {1916},
  Pages                    = {448},
  Volume                   = {17}
}

@Book{Gitman_1990,
  Title                    = {Quantization of Fields with Constraints},
  Author                   = {Dmitriy M. Gitman and Igor V. Tyutin},
  Publisher                = {Springer Berlin Heidelberg},
  Year                     = {1990},

  Doi                      = {10.1007/978-3-642-83938-2},
  Owner                    = {yfwang},
  Timestamp                = {2017.10.13},
  Url                      = {https://doi.org/10.1007%2F978-3-642-83938-2}
}

@Book{Gockeler1987,
  Title                    = {Differential Geometry, Gauge Theories, and Gravity},
  Author                   = {Gockeler, M. and Schucker, T.},
  Publisher                = {Cambridge University Press (CUP)},
  Year                     = {1987},

  Doi                      = {10.1017/cbo9780511628818},
  ISBN                     = {http://id.crossref.org/isbn/9780511628818},
  Owner                    = {yfwang},
  Timestamp                = {2017.02.16},
  Url                      = {http://dx.doi.org/10.1017/CBO9780511628818}
}

@Article{GottIII2005,
  Title                    = {A Map of the Universe},
  Author                   = {Gott III, J. Richard and Jurić, Mario and Schlegel, David and Hoyle, Fiona and Vogeley, Michael and Tegmark, Max and Bahcall, Neta and Brinkmann, Jon},
  Journal                  = {The Astrophysical Journal},
  Year                     = {2005},

  Month                    = {May},
  Number                   = {2},
  Pages                    = {463–484},
  Volume                   = {624},

  Doi                      = {10.1086/428890},
  ISSN                     = {1538-4357},
  Owner                    = {yfwang},
  Publisher                = {IOP Publishing},
  Timestamp                = {2017.02.17},
  Url                      = {http://dx.doi.org/10.1086/428890}
}

@Book{Griffiths2009,
  Title                    = {Exact Space-Times in {Einstein}’s General Relativity},
  Author                   = {Griffiths, Jerry B. and Podolsky, Jiri},
  Publisher                = {Cambridge University Press (CUP)},
  Year                     = {2009},

  Doi                      = {10.1017/cbo9780511635397},
  ISBN                     = {http://id.crossref.org/isbn/9780511635397},
  Owner                    = {yfwang},
  Timestamp                = {2017.02.16},
  Url                      = {http://dx.doi.org/10.1017/cbo9780511635397}
}

@Article{GronwaldHehl2009,
  Title                    = {{On the Gauge Aspects of Gravity}},
  Author                   = {Gronwald, F. and Hehl, F. W.},
  Year                     = {1996},

  Month                    = {Feb},

  Abstract                 = {We give a short outline, in Sec.\ 2, of the historical development of the gauge idea as applied to internal ($U(1),\, SU(2),\dots$) and external ($R^4,\,SO(1,3),\dots$) symmetries and stress the fundamental importance of the corresponding conserved currents. In Sec.\ 3, experimental results with neutron interferometers in the gravitational field of the earth, as inter- preted by means of the equivalence principle, can be predicted by means of the Dirac equation in an accelerated and rotating reference frame. Using the Dirac equation in such a non-inertial frame, we describe how in a gauge- theoretical approach (see Table 1) the Einstein-Cartan theory, residing in a Riemann-Cartan spacetime encompassing torsion and curvature, arises as the simplest gravitational theory. This is set in contrast to the Einsteinian approach yielding general relativity in a Riemannian spacetime. In Secs.\ 4 and 5 we consider the conserved energy-momentum current of matter and gauge the associated translation subgroup. The Einsteinian teleparallelism theory which emerges is shown to be equivalent, for spinless matter and for electromagnetism, to general relativity. Having successfully gauged the translations, it is straightforward to gauge the four-dimensional affine group $R^4 \semidirect GL(4,R)$ or its Poincar{\'e} subgroup $R^4\semidirect SO(1,3)$. We briefly report on these results in Sec.\ 6 (metric-affine geometry) and in Sec.\ 7 (metric-affine field equations (\ref{zeroth}, \ref{first}, \ref{second})). Finally, in Sec.\ 8, we collect some models, currently under discussion, which bring life into the metric-affine gauge framework developed.},
  Comments                 = {51 pages LATEX, uses epsf.tex, uuencoded with 4 eps-figures, fifth figure available from the authors. Based on an invited Erice lecture in May 1995},
  Eprint                   = {gr-qc/9602013},
  Oai2identifier           = {gr-qc/9602013},
  Url                      = {https://arxiv.org/abs/gr-qc/9602013}
}

@Article{Gullstrand:1922tfa,
  Title                    = {{Allgemeine Lösung des statischen Einkörperproblems in der Einsteinschen Gravitationstheorie}},
  Author                   = {Gullstrand, Allvar},
  Journal                  = {Arkiv för Matematik, Astronomi och Fysik},
  Year                     = {1922},
  Pages                    = {1--15},
  Volume                   = {16},

  Address                  = {Stockholm},
  Publisher                = {Almqvist \& Wiksell},
  Slaccitation             = {%%CITATION = INSPIRE-1235877;%%},
  Url                      = {http://www.worldcat.org/oclc/248763855}
}

@Book{Hartle_2002,
  Title                    = {Gravity: An Introduction to Einstein's General Relativity},
  Author                   = {Hartle, James B.},
  Publisher                = {Cummings},
  Year                     = {2002},
  Month                    = {dec},

  ISBN                     = {978-0805386622},
  Owner                    = {yfwang},
  Timestamp                = {2017.10.11}
}

@Article{HAWKING1974,
  Title                    = {{Black hole explosions?}},
  Author                   = {Hawking, Stephen William},
  Journal                  = {Nature},
  Year                     = {1974},

  Month                    = mar,
  Number                   = {5443},
  Pages                    = {30--31},
  Volume                   = {248},

  Doi                      = {10.1038/248030a0},
  Url                      = {http://dx.doi.org/10.1038/248030a0}
}

@Article{Hawking1972,
  Title                    = {Black holes in general relativity},
  Author                   = {Hawking, Stephen William},
  Journal                  = {Communications in Mathematical Physics},
  Year                     = {1972},
  Number                   = {2},
  Pages                    = {152--166},
  Volume                   = {25},

  Abstract                 = {It is assumed that the singularities which occur in gravitational collapse are not visible from outside but are hidden behind an event horizon. This means that one can still predict the future outside the event horizon. A black hole on a spacelike surface is defined to be a connected component of the region of the surface bounded by the event horizon. As time increase, black holes may merge together but can never bifurcate. A black hole would be expected to settle down to a stationary state. It is shown that a stationary black hole must have topologically spherical boundary and must be axisymmetric if it is rotating. These results together with those of Israel and Carter go most of the way towards establishing the conjecture that any stationary black hole is a Kerr solution. Using this conjecture and the result that the surface area of black holes can never decrease, one can place certain limits on the amount of energy that can be extracted from black holes.},
  Doi                      = {10.1007/BF01877517},
  ISSN                     = {1432-0916},
  Url                      = {http://dx.doi.org/10.1007/BF01877517}
}

@Book{Hawking1973,
  Title                    = {The Large Scale Structure of Space–Time},
  Author                   = {Hawking, Stephen William and Ellis, G. F. R.},
  Publisher                = {Cambridge University Press (CUP)},
  Year                     = {1973},

  Doi                      = {10.1017/cbo9780511524646},
  ISBN                     = {http://id.crossref.org/isbn/9780511524646},
  Owner                    = {yfwang},
  Timestamp                = {2017.02.16},
  Url                      = {http://dx.doi.org/10.1017/cbo9780511524646}
}

@Book{StephenHawking2015,
  Title                    = {Nature of Space and Time},
  Author                   = {Hawking, Stephen William and Penrose, Roger},
  Publisher                = {Princeton University},
  Year                     = {2015},
  Month                    = {nov},

  Ean                      = {9780691168449},
  ISBN                     = {069116844X},
  Pagetotal                = {160},
  Url                      = {http://press.princeton.edu/titles/9165.html}
}

@Book{Hawking2010,
  Title                    = {The Nature of Space and Time},
  Author                   = {Hawking, Stephen William and Penrose, Roger},
  Publisher                = {Walter de Gruyter GmbH},
  Year                     = {2010},
  Month                    = {Jan},

  Doi                      = {10.1515/9781400834747},
  ISBN                     = {http://id.crossref.org/isbn/9781400834747},
  Owner                    = {yfwang},
  Timestamp                = {2017.02.16},
  Url                      = {http://dx.doi.org/10.1515/9781400834747}
}

@Book{Hawking2000Raum,
  Title                    = {Raum und Zeit},
  Author                   = {Hawking, Stephen William and Penrose, Roger},
  Publisher                = {Rowohlt Taschenbuch},
  Year                     = {2000},

  Related                  = {StephenHawking2015},
  Relatedtype              = {translationof},
  Translator               = {Claus Kiefer}
}

@Article{Hehl1985,
  Title                    = {{On the kinematics of the torsion of space-time}},
  Author                   = {Hehl, Friedrich W.},
  Journal                  = {Foundations of Physics},
  Year                     = {1985},

  Month                    = {apr},
  Number                   = {4},
  Pages                    = {451--471},
  Volume                   = {15},

  Abstract                 = {On a macroscopic level we take general relativity as the appropriate theory of space-time and gravity. We will argue that, on a more microscopic level, in the Compton wavelength regime of elementary particles, there are good reasons for suspecting the presence of a torsion of space-time. A corresponding gaugetheoretical formalism related to the Poincar{\'e} group is reviewed, and the kinematical consequences of the presence of a torsion are worked out. In particular we discuss the operational meaning and the measurability of torsion. The dynamics of torsion is left for a forthcoming article.},
  Doi                      = {10.1007/BF01889281},
  ISSN                     = {1572-9516},
  Publisher                = {Springer Science $\mathplus$ Business Media},
  Url                      = {http://dx.doi.org/10.1007/BF01889281}
}

@Book{Heusler1996,
  Title                    = {Black Hole Uniqueness Theorems},
  Author                   = {Heusler, Markus},
  Publisher                = {Cambridge University Press (CUP)},
  Year                     = {1996},

  Doi                      = {10.1017/cbo9780511661396},
  ISBN                     = {http://id.crossref.org/isbn/9780511661396},
  Owner                    = {yfwang},
  Timestamp                = {2017.02.16},
  Url                      = {http://dx.doi.org/10.1017/CBO9780511661396}
}

@Article{Hoyle1948,
  Title                    = {A New Model for the Expanding Universe},
  Author                   = {Hoyle, F.},
  Journal                  = {Monthly Notices of the Royal Astronomical Society},
  Year                     = {1948},

  Month                    = {Oct},
  Number                   = {5},
  Pages                    = {372–382},
  Volume                   = {108},

  Doi                      = {10.1093/mnras/108.5.372},
  ISSN                     = {1365-2966},
  Owner                    = {yfwang},
  Publisher                = {Oxford University Press (OUP)},
  Timestamp                = {2016.11.18},
  Url                      = {http://dx.doi.org/10.1093/mnras/108.5.372}
}

@Article{Hubble1929,
  Title                    = {A relation between distance and radial velocity among extra-galactic nebulae},
  Author                   = {Hubble, E.},
  Journal                  = {Proceedings of the National Academy of Sciences},
  Year                     = {1929},

  Month                    = {Mar},
  Number                   = {3},
  Pages                    = {168–173},
  Volume                   = {15},

  Doi                      = {10.1073/pnas.15.3.168},
  ISSN                     = {1091-6490},
  Owner                    = {yfwang},
  Publisher                = {Proceedings of the National Academy of Sciences},
  Timestamp                = {2017.02.23},
  Url                      = {http://dx.doi.org/10.1073/pnas.15.3.168}
}

@Article{PhysRevLett.11.237,
  Title                    = {Gravitational Field of a Spinning Mass as an Example of Algebraically Special Metrics},
  Author                   = {Kerr, Roy P.},
  Journal                  = {Phys. Rev. Lett.},
  Year                     = {1963},

  Month                    = {Sep},
  Pages                    = {237--238},
  Volume                   = {11},

  Doi                      = {10.1103/PhysRevLett.11.237},
  Issue                    = {5},
  Numpages                 = {0},
  Publisher                = {American Physical Society},
  Url                      = {http://link.aps.org/doi/10.1103/PhysRevLett.11.237}
}

@Book{Kiefer_2012,
  Title                    = {Quantum Gravity},
  Author                   = {Claus Kiefer},
  Publisher                = {Oxford University Press},
  Year                     = {2012},
  Edition                  = {3rd},
  Month                    = {apr},

  Doi                      = {10.1093/acprof:oso/9780199585205.001.0001},
  Owner                    = {yfwang},
  Timestamp                = {2017.10.13},
  Url                      = {https://doi.org/10.1093%2Facprof%3Aoso%2F9780199585205.001.0001}
}

@Article{ANDP:ANDP19183611402,
  Title                    = {Über die physikalischen Grundlagen der Einsteinschen Gravitationstheorie},
  Author                   = {Kottler, Friedrich},
  Journal                  = {Annalen der Physik},
  Year                     = {1918},
  Number                   = {14},
  Pages                    = {401--462},
  Volume                   = {361},

  Doi                      = {10.1002/andp.19183611402},
  ISSN                     = {1521-3889},
  Owner                    = {yfwang},
  Publisher                = {WILEY-VCH Verlag},
  Timestamp                = {2017.03.23},
  Url                      = {http://dx.doi.org/10.1002/andp.19183611402}
}

@Article{Kristian1971,
  Title                    = {On the Optical Identification of Cygnus X-1},
  Author                   = {Kristian, J. and Brucato, R. and Visvanathan, N. and Lanning, H. and Sandage, A.},
  Journal                  = {The Astrophysical Journal},
  Year                     = {1971},

  Month                    = {Sep},
  Pages                    = {L91},
  Volume                   = {168},

  Doi                      = {10.1086/180790},
  ISSN                     = {1538-4357},
  Owner                    = {yfwang},
  Publisher                = {IOP Publishing},
  Timestamp                = {2017.02.16},
  Url                      = {http://dx.doi.org/10.1086/180790}
}

@Article{PhysRev.119.1743,
  Title                    = {Maximal Extension of Schwarzschild Metric},
  Author                   = {Kruskal, M. D.},
  Journal                  = {Phys. Rev.},
  Year                     = {1960},

  Month                    = {Sep},
  Pages                    = {1743--1745},
  Volume                   = {119},

  Doi                      = {10.1103/PhysRev.119.1743},
  Issue                    = {5},
  Numpages                 = {0},
  Publisher                = {American Physical Society},
  Url                      = {http://link.aps.org/doi/10.1103/PhysRev.119.1743}
}

@Article{Lange_1885a,
  Title                    = {Ueber die wissenschaftliche Fassung des Galilei‘schen Beharrungsgesetzes},
  Author                   = {Lange, Ludwig},
  Journal                  = {Philosophische Studien 2},
  Year                     = {1885},
  Pages                    = {266--297},

  Owner                    = {yfwang},
  Timestamp                = {2017.10.11}
}

@Article{Lange_1885b,
  Title                    = {Nochmals über das Beharrungsgesetz},
  Author                   = {Lange, Ludwig},
  Journal                  = {Philosophische Studien 2},
  Year                     = {1885},
  Pages                    = {539--545},

  Owner                    = {yfwang},
  Timestamp                = {2017.10.11}
}

@Article{Lasenby2010,
  Title                    = {Grassmann, geometric algebra and cosmology},
  Author                   = {Lasenby, A.N.},
  Journal                  = {Annalen der Physik},
  Year                     = {2010},

  Month                    = {Feb},
  Number                   = {3-5},
  Pages                    = {161–176},
  Volume                   = {19},

  Doi                      = {10.1002/andp.201010412},
  ISSN                     = {0003-3804},
  Owner                    = {yfwang},
  Publisher                = {Wiley-Blackwell},
  Timestamp                = {2017.02.17},
  Url                      = {http://dx.doi.org/10.1002/andp.201010412}
}

@Article{Levi-Civia1917,
  Title                    = {Realtà fisica di alcuni spazî normali del Bianchi},
  Author                   = {Levi-Civita, Tullio},
  Journal                  = {Tip. della R. Accademia dei Lincei},
  Year                     = {1917},
  Number                   = {26},
  Pages                    = {519--531},
  Volume                   = {5},

  Owner                    = {yfwang},
  Review                   = {Der Verf. untersucht das statische Gravitationsfeld, das entsteht, wenn im
 leeren Raum ein homogenes elektrostatisches oder magnetostatisches Feld
 vorhanden ist, und findet, daß in diesem Falle das dreidimensionale
 Linienelement das eines gekrümmten Raumes ist, dessen drei
 Hauptkrümmungen konstant sind, und zwar sind zwei Hauptkrümmungen
 Null, während die dritte, die den zu den elektrischen bzw.
 magnetischen Kraftlinien senkrechten Schnitten entspricht, dem Quadrat
 der Feldintensität proportional ist. Ein derartiger Raum gehört zu
 den {\it Bianchi}schen “Normalräumen”, die dadurch gekennzeichnet
 sind, daß die drei Kongruenzen der Hauptkrümmungslinien
 Normalenkongruenzen sind. Bezeichnen wir die Energiedichte des
 elektrostatischen bzw. magnetostatischen Feldes mit $T_\infty=n$, die
 Krümmung des Raumes mit $M=\frac{1}{R^2}$, so ist nach den Gleichungen
 des statischen Gravitationsfeldes $\frac{1}{R^2}=κn$. Der Verf.
 diskutiert diese Formel numerisch für die stärksten herstellbaren
 Felder. Daran anschließend untersucht der Verf. die Lösungen der
 Differentialgleichungen des statischen Gravitationsfeldes, die ein
 dreidimensionales Linienelement ergeben, das einem Raum konstanter
 Krümmung (alle drei Hauptkrümmungen einander gleich und von Null
 verschieden) entspricht. Der Verf. zeigt, daß diese Lösung sich am
 einfachsten unter der Annahme ergibt, daß der Spannungstensor einem
 positiven oder negativen Normaldruck $p$ entspricht ($T_{ik}=pa_{ik}$).
 Nehmen wir auch $V$ als konstant an, so genügt dieser Druck der
 Gleichung $K+ κp=0$, wo $K$ die Krümmung des Raumes ist, die wegen
 $M=3K=κT_{00}$ immer positiv sein muß. Es müßte sich also ein
 negativer Druck ergeben. Nehmen wir aber die von {\it Einstein} aus
 kosmologischen Gründen eingeführten Feldgleichungen mit dem
 $λ$-Glied, so erhalten wir $K+κp=λ$, weshalb auch positive Werte
 für $p$ möglich werden. Frank, Prof. (Prag)},
  Timestamp                = {2017.03.23}
}

@Article{Mattig1957,
  Title                    = {Über den Zusammenhang zwischen Rotverschiebung und scheinbarer Helligkeit},
  Author                   = {Mattig, W.},
  Journal                  = {Astronomische Nachrichten},
  Year                     = {1957},
  Number                   = {3},
  Pages                    = {109–111},
  Volume                   = {284},

  __markedentry            = {[yfwang:]},
  Doi                      = {10.1002/asna.19572840303},
  ISSN                     = {1521-3994},
  Owner                    = {yfwang},
  Publisher                = {Wiley-Blackwell},
  Timestamp                = {2017.03.10},
  Url                      = {http://dx.doi.org/10.1002/asna.19572840303}
}

@Article{:/content/aip/journal/jmp/6/6/10.1063/1.1704351,
  Title                    = {Metric of a Rotating, Charged Mass},
  Author                   = {Newman, E. T. and Couch, E. and Chinnapared, K. and Exton, A. and Prakash, A. and Torrence, R.},
  Journal                  = {Journal of Mathematical Physics},
  Year                     = {1965},
  Number                   = {6},
  Pages                    = {918-919},
  Volume                   = {6},

  Doi                      = {http://dx.doi.org/10.1063/1.1704351},
  Url                      = {http://scitation.aip.org/content/aip/journal/jmp/6/6/10.1063/1.1704351}
}

@Article{:/content/aip/journal/jmp/6/6/10.1063/1.1704350,
  Title                    = {Note on the Kerr Spinning-Particle Metric},
  Author                   = {Newman, E. T. and Janis, A. I.},
  Journal                  = {Journal of Mathematical Physics},
  Year                     = {1965},
  Number                   = {6},
  Pages                    = {915-917},
  Volume                   = {6},

  Doi                      = {http://dx.doi.org/10.1063/1.1704350},
  Related                  = {:/content/aip/journal/jmp/6/6/10.1063/1.1704351},
  Url                      = {http://scitation.aip.org/content/aip/journal/jmp/6/6/10.1063/1.1704350}
}

@Book{Newton_1687,
  Title                    = {Philosophiæ Naturalis Principia Mathematica},
  Author                   = {Newton, Issac},
  Year                     = {1687},

  Owner                    = {yfwang},
  Timestamp                = {2017.10.11}
}

@Article{nordstroem1918ander,
  Title                    = {Een en ander over de energie van het zwaartekrachtsveld volgens de theorie van Einstein},
  Author                   = {Nordström, Gunnar},
  Journal                  = {Koninklijke Akademie van Wetenschappen te Amsterdam. Verslagen van de Gewone Vergaderingen der Wisen Natuurkundige Afdeeling},
  Year                     = {1918},
  Pages                    = {1201--1208},
  Volume                   = {26}
}

@Article{nussbaumer2014,
  Title                    = {Einsteins Bekehrung vom statischen zum expandierenden Universum},
  Author                   = {Nussbaumer, Harry},
  Journal                  = {Sterne und Weltraum},
  Year                     = {2014},

  Month                    = {June},
  Pages                    = {38--47},

  Abstract                 = {Die Relativitätstheorie Albert Einsteins führte nicht nur zu neuartigen Vorstellungen von Raum und Zeit, sondern erlaubte auch eine Beschreibung des Universums selbst. Doch in einem irrte der geniale Physiker: Er hielt den Kosmos für statisch, also für unveränderlich. Erst ein Gedankenaustausch mit dem britischen Astronomen Arthur Stanley Eddington brachte Einstein zum Umdenken.},
  Owner                    = {yfwang},
  Timestamp                = {2017.03.25},
  Url                      = {http://www.spektrum.de/magazin/einsteins-bekehrung-vom-statischen-zum-expandierenden-universum/1283573}
}

@Article{PhysRev.56.455,
  Title                    = {{On Continued Gravitational Contraction}},
  Author                   = {Oppenheimer, J. R. and Snyder, H.},
  Journal                  = {Phys. Rev.},
  Year                     = {1939},

  Month                    = {Sep},
  Pages                    = {455--459},
  Volume                   = {56},

  Doi                      = {10.1103/PhysRev.56.455},
  Issue                    = {5},
  Numpages                 = {0},
  Publisher                = {American Physical Society},
  Url                      = {http://link.aps.org/doi/10.1103/PhysRev.56.455}
}

@Article{PhysRev.55.374,
  Title                    = {On Massive Neutron Cores},
  Author                   = {Oppenheimer, J. R. and Volkoff, G. M.},
  Journal                  = {Phys. Rev.},
  Year                     = {1939},

  Month                    = {Feb},
  Pages                    = {374--381},
  Volume                   = {55},

  Doi                      = {10.1103/PhysRev.55.374},
  Issue                    = {4},
  Numpages                 = {0},
  Publisher                = {American Physical Society},
  Url                      = {http://link.aps.org/doi/10.1103/PhysRev.55.374}
}

@Article{painleve1921mecanique,
  Title                    = {{La mécanique classique \& la théorie de la relativité}},
  Author                   = {Painlevé, Paul},
  Journal                  = {C. R. Acad. Sci.},
  Year                     = {1921},

  Month                    = {oct},
  Pages                    = {677--680},
  Volume                   = {173},

  Address                  = {Paris},
  Adsnote                  = {Provided by the SAO/NASA Astrophysics Data System},
  Adsurl                   = {http://adsabs.harvard.edu/abs/1922LAstr..36....6P},
  Url                      = {https://www.bibnum.education.fr/physique/relativite/la-mecanique-classique-et-la-theorie-de-la-relativite}
}

@Book{Penrose_2007,
  Title                    = {The Road to Reality: A Complete Guide to the Laws of the Universe},
  Author                   = {Penrose, Roger},
  Publisher                = {Alfred A. Knopf},
  Year                     = {2007},
  Edition                  = {rev.},

  Owner                    = {yfwang},
  Timestamp                = {2017.10.11}
}

@Article{Penrose2002,
  Title                    = {``Golden Oldie'': Gravitational Collapse: The Role of General Relativity},
  Author                   = {Penrose, Roger},
  Journal                  = {General Relativity and Gravitation},
  Year                     = {2002},
  Number                   = {7},
  Pages                    = {1141--1165},
  Volume                   = {34},

  Doi                      = {10.1023/A:1016578408204},
  ISSN                     = {1572-9532},
  Related                  = {Penrose:1969pc},
  Relatedtype              = {reprintof},
  Url                      = {http://dx.doi.org/10.1023/A:1016578408204}
}

@Article{Penrose:1969pc,
  Title                    = {{Gravitational collapse: The role of general relativity}},
  Author                   = {Penrose, Roger},
  Journal                  = {Riv. Nuovo Cim.},
  Year                     = {1969},
  Pages                    = {252--276},
  Volume                   = {1},

  Slaccitation             = {%%CITATION = RNCIB,1,252;%%}
}

@Article{PENROSEFLOYD1971,
  Title                    = {Extraction of Rotational Energy from a Black Hole},
  Author                   = {R. Penrose and R. M. Floyd},
  Journal                  = {Nat. Phys. Sci.},
  Year                     = {1971},

  Month                    = {Feb},
  Number                   = {6},
  Pages                    = {177--179},
  Volume                   = {229},

  Abstract                 = {THERE has been considerable interest recently in the question of the gravitational collapse of a massive body and of the possible astrophysical consequences of the existence of the “black hole” which general relativity predicts should sometimes be the result of such a collapse. In particular, the question has arisen whether the mass-energy content of a black hole could, under suitable circumstances, be a source of available energy. We now consider the extraction of rotational energy from a black hole, not least because the rotational energy (defined appropriately) of a black hole should, in general, be comparable with its total mass-energy1.},
  Doi                      = {10.1038/physci229177a0},
  Publisher                = {Nature Publishing Group},
  Url                      = {http://dx.doi.org/10.1038/physci229177a0}
}

@Article{Penzias1965,
  Title                    = {A Measurement of Excess Antenna Temperature at 4080 Mc/s.},
  Author                   = {Penzias, A. A. and Wilson, R. W.},
  Journal                  = {The Astrophysical Journal},
  Year                     = {1965},

  Month                    = {Jul},
  Pages                    = {419},
  Volume                   = {142},

  Doi                      = {10.1086/148307},
  ISSN                     = {1538-4357},
  Owner                    = {yfwang},
  Publisher                = {IOP Publishing},
  Timestamp                = {2017.02.16},
  Url                      = {http://dx.doi.org/10.1086/148307}
}

@Article{Penzias1965a,
  Title                    = {Measurement of the Flux Density of {CAS} a at 4080 Mc/s.},
  Author                   = {Penzias, A. A. and Wilson, R. W.},
  Journal                  = {The Astrophysical Journal},
  Year                     = {1965},

  Month                    = {Oct},
  Pages                    = {1149},
  Volume                   = {142},

  Doi                      = {10.1086/148384},
  ISSN                     = {1538-4357},
  Owner                    = {yfwang},
  Publisher                = {IOP Publishing},
  Timestamp                = {2017.02.16},
  Url                      = {http://dx.doi.org/10.1086/148384}
}

@Online{math/0303109,
  Title                    = {Ricci flow with surgery on three-manifolds},
  Author                   = {Grisha Perelman},
  Eprint                   = {math/0303109},
  Eprinttype               = {arXiv},
  Owner                    = {yfwang},
  Timestamp                = {2017.02.18},
  Year                     = {2003}
}

@Online{math/0307245,
  Title                    = {Finite extinction time for the solutions to the Ricci flow on certain three-manifolds},
  Author                   = {Grisha Perelman},
  Eprint                   = {math/0307245},
  Eprinttype               = {arXiv},
  Owner                    = {yfwang},
  Timestamp                = {2017.02.18},
  Year                     = {2003}
}

@Online{math/0211159,
  Title                    = {The entropy formula for the Ricci flow and its geometric applications},
  Author                   = {Grisha Perelman},
  Eprint                   = {math/0211159},
  Eprinttype               = {arXiv},
  Owner                    = {yfwang},
  Timestamp                = {2017.02.18},
  Year                     = {2002}
}

@Article{Ade2014,
  Title                    = {{Planck}2013 results. XVI. Cosmological parameters},
  Author                   = {{Planck Collaboration} and {Ade, P. A. R.} and {Aghanim, N.} and {Armitage-Caplan, C.} and {Arnaud, M.} and {Ashdown, M.} and {Atrio-Barandela, F.} and {Aumont, J.} and {Baccigalupi, C.} and {Banday, A. J.} and {Barreiro, R. B.} and {Bartlett, J. G.} and {Battaner, E.} and {Benabed, K.} and {Benoît, A.} and {Benoit-Lévy, A.} and {Bernard, J.-P.} and {Bersanelli, M.} and {Bielewicz, P.} and {Bobin, J.} and {Bock, J. J.} and {Bonaldi, A.} and {Bond, J. R.} and {Borrill, J.} and {Bouchet, F. R.} and {Bridges, M.} and {Bucher, M.} and {Burigana, C.} and {Butler, R. C.} and {Calabrese, E.} and {Cappellini, B.} and {Cardoso, J.-F.} and {Catalano, A.} and {Challinor, A.} and {Chamballu, A.} and {Chary, R.-R.} and {Chen, X.} and {Chiang, H. C.} and {Chiang, L.-Y} and {Christensen, P. R.} and {Church, S.} and {Clements, D. L.} and {Colombi, S.} and {Colombo, L. P. L.} and {Couchot, F.} and {Coulais, A.} and {Crill, B. P.} and {Curto, A.} and {Cuttaia, F.} and {Danese, L.} and {Davies, R. D.} and {Davis, R. J.} and {de Bernardis, P.} and {de Rosa, A.} and {de Zotti, G.} and {Delabrouille, J.} and {Delouis, J.-M.} and {Désert, F.-X.} and {Dickinson, C.} and {Diego, J. M.} and {Dolag, K.} and {Dole, H.} and {Donzelli, S.} and {Doré, O.} and {Douspis, M.} and {Dunkley, J.} and {Dupac, X.} and {Efstathiou, G.} and {Elsner, F.} and {Enßlin, T. A.} and {Eriksen, H. K.} and {Finelli, F.} and {Forni, O.} and {Frailis, M.} and {Fraisse, A. A.} and {Franceschi, E.} and {Gaier, T. C.} and {Galeotta, S.} and {Galli, S.} and {Ganga, K.} and {Giard, M.} and {Giardino, G.} and {Giraud-Héraud, Y.} and {Gjerløw, E.} and {González-Nuevo, J.} and {Górski, K. M.} and {Gratton, S.} and {Gregorio, A.} and {Gruppuso, A.} and {Gudmundsson, J. E.} and {Haissinski, J.} and {Hamann, J.} and {Hansen, F. K.} and {Hanson, D.} and {Harrison, D.} and {Henrot-Versillé, S.} and {Hernández-Monteagudo, C.} and {Herranz, D.} and {Hildebrandt, S. R.} and {Hivon, E.} and {Hobson, M.} and {Holmes, W. A.} and {Hornstrup, A.} and {Hou, Z.} and {Hovest, W.} and {Huffenberger, K. M.} and {Jaffe, A. H.} and {Jaffe, T. R.} and {Jewell, J.} and {Jones, W. C.} and {Juvela, M.} and {Keihänen, E.} and {Keskitalo, R.} and {Kisner, T. S.} and {Kneissl, R.} and {Knoche, J.} and {Knox, L.} and {Kunz, M.} and {Kurki-Suonio, H.} and {Lagache, G.} and {Lähteenmäki, A.} and {Lamarre, J.-M.} and {Lasenby, A.} and {Lattanzi, M.} and {Laureijs, R. J.} and {Lawrence, C. R.} and {Leach, S.} and {Leahy, J. P.} and {Leonardi, R.} and {León-Tavares, J.} and {Lesgourgues, J.} and {Lewis, A.} and {Liguori, M.} and {Lilje, P. B.} and {Linden-Vørnle, M.} and {López-Caniego, M.} and {Lubin, P. M.} and {Macías-Pérez, J. F.} and {Maffei, B.} and {Maino, D.} and {Mandolesi, N.} and {Maris, M.} and {Marshall, D. J.} and {Martin, P. G.} and {Martínez-González, E.} and {Masi, S.} and {Massardi, M.} and {Matarrese, S.} and {Matthai, F.} and {Mazzotta, P.} and {Meinhold, P. R.} and {Melchiorri, A.} and {Melin, J.-B.} and {Mendes, L.} and {Menegoni, E.} and {Mennella, A.} and {Migliaccio, M.} and {Millea, M.} and {Mitra, S.} and {Miville-Deschênes, M.-A.} and {Moneti, A.} and {Montier, L.} and {Morgante, G.} and {Mortlock, D.} and {Moss, A.} and {Munshi, D.} and {Murphy, J. A.} and {Naselsky, P.} and {Nati, F.} and {Natoli, P.} and {Netterfield, C. B.} and {Nørgaard-Nielsen, H. U.} and {Noviello, F.} and {Novikov, D.} and {Novikov, I.} and {O’Dwyer, I. J.} and {Osborne, S.} and {Oxborrow, C. A.} and {Paci, F.} and {Pagano, L.} and {Pajot, F.} and {Paladini, R.} and {Paoletti, D.} and {Partridge, B.} and {Pasian, F.} and {Patanchon, G.} and {Pearson, D.} and {Pearson, T. J.} and {Peiris, H. V.} and {Perdereau, O.} and {Perotto, L.} and {Perrotta, F.} and {Pettorino, V.} and {Piacentini, F.} and {Piat, M.} and {Pierpaoli, E.} and {Pietrobon, D.} and {Plaszczynski, S.} and {Platania, P.} and {Pointecouteau, E.} and {Polenta, G.} and {Ponthieu, N.} and {Popa, L.} and {Poutanen, T.} and {Pratt, G. W.} and {Prézeau, G.} and {Prunet, S.} and {Puget, J.-L.} and {Rachen, J. P.} and {Reach, W. T.} and {Rebolo, R.} and {Reinecke, M.} and {Remazeilles, M.} and {Renault, C.} and {Ricciardi, S.} and {Riller, T.} and {Ristorcelli, I.} and {Rocha, G.} and {Rosset, C.} and {Roudier, G.} and {Rowan-Robinson, M.} and {Rubiño-Martín, J. A.} and {Rusholme, B.} and {Sandri, M.} and {Santos, D.} and {Savelainen, M.} and {Savini, G.} and {Scott, D.} and {Seiffert, M. D.} and {Shellard, E. P. S.} and {Spencer, L. D.} and {Starck, J.-L.} and {Stolyarov, V.} and {Stompor, R.} and {Sudiwala, R.} and {Sunyaev, R.} and {Sureau, F.} and {Sutton, D.} and {Suur-Uski, A.-S.} and {Sygnet, J.-F.} and {Tauber, J. A.} and {Tavagnacco, D.} and {Terenzi, L.} and {Toffolatti, L.} and {Tomasi, M.} and {Tristram, M.} and {Tucci, M.} and {Tuovinen, J.} and {Türler, M.} and {Umana, G.} and {Valenziano, L.} and {Valiviita, J.} and {Van Tent, B.} and {Vielva, P.} and {Villa, F.} and {Vittorio, N.} and {Wade, L. A.} and {Wandelt, B. D.} and {Wehus, I. K.} and {White, M.} and {White, S. D. M.} and {Wilkinson, A.} and {Yvon, D.} and {Zacchei, A.} and {Zonca, A.}},
  Journal                  = {Astronomy \& Astrophysics},
  Year                     = {2014},

  Month                    = {Oct},
  Pages                    = {A16},
  Volume                   = {571},

  Doi                      = {10.1051/0004-6361/201321591},
  ISSN                     = {1432-0746},
  Owner                    = {yfwang},
  Publisher                = {EDP Sciences},
  Timestamp                = {2017.02.17},
  Url                      = {http://dx.doi.org/10.1051/0004-6361/201321591}
}

@Book{Prokhorov_2009,
  Title                    = {Hamiltonian Mechanics of Gauge Systems},
  Author                   = {Lev V. Prokhorov and Sergei V. Shabanov},
  Publisher                = {Cambridge University Press},
  Year                     = {2009},

  Doi                      = {10.1017/cbo9780511976209},
  Owner                    = {yfwang},
  Timestamp                = {2017.10.13},
  Url                      = {https://doi.org/10.1017%2Fcbo9780511976209}
}

@Article{Reboucas2005,
  Title                    = {A brief introduction to cosmic topology},
  Author                   = {Rebouças, M. J.},
  Journal                  = {AIP Conference Proceedings},
  Year                     = {2005},

  Doi                      = {10.1063/1.2032731},
  ISSN                     = {0094-243X},
  Owner                    = {yfwang},
  Publisher                = {AIP Publishing},
  Timestamp                = {2017.02.18},
  Url                      = {http://dx.doi.org/10.1063/1.2032731}
}

@Article{Reissner1916,
  Title                    = {Über die Eigengravitation des elektrischen Feldes nach der {Einstein}schen Theorie},
  Author                   = {Reissner, H.},
  Journal                  = {Annalen der Physik},
  Year                     = {1916},
  Number                   = {9},
  Pages                    = {106–120},
  Volume                   = {355},

  Doi                      = {10.1002/andp.19163550905},
  ISSN                     = {1521-3889},
  Owner                    = {yfwang},
  Publisher                = {Wiley-Blackwell},
  Timestamp                = {2017.02.16},
  Url                      = {http://dx.doi.org/10.1002/andp.19163550905}
}

@Book{Rothe_2010,
  Title                    = {Classical and Quantum Dynamics of Constrained Hamiltonian Systems},
  Author                   = {Heinz J Rothe and Klaus D Rothe},
  Publisher                = {{WORLD} {SCIENTIFIC}},
  Year                     = {2010},
  Month                    = {apr},

  Doi                      = {10.1142/7689},
  Owner                    = {yfwang},
  Timestamp                = {2017.10.13},
  Url                      = {https://doi.org/10.1142%2F7689}
}

@Article{SCHMIDT1963,
  Title                    = {3{C} 273 : A Star-Like Object with Large Red-Shift},
  Author                   = {Schmidt, M.},
  Journal                  = {Nature},
  Year                     = {1963},

  Month                    = {Mar},
  Number                   = {4872},
  Pages                    = {1040–1040},
  Volume                   = {197},

  Doi                      = {10.1038/1971040a0},
  ISSN                     = {0028-0836},
  Owner                    = {yfwang},
  Publisher                = {Springer Nature},
  Timestamp                = {2016.11.15},
  Url                      = {http://dx.doi.org/10.1038/1971040a0}
}

@Article{Schur1886,
  Title                    = {Ueber den Zusammenhang der Räume constanten Riemann’schen Krümmungsmaasses mit den projectiven Räumen},
  Author                   = {Schur, Friedrich},
  Journal                  = {Mathematische Annalen},
  Year                     = {1886},

  Month                    = {Dec},
  Number                   = {4},
  Pages                    = {537–567},
  Volume                   = {27},

  Doi                      = {10.1007/bf01906632},
  ISSN                     = {1432-1807},
  Owner                    = {yfwang},
  Publisher                = {Springer Nature},
  Timestamp                = {2017.02.16},
  Url                      = {http://dx.doi.org/10.1007/bf01906632}
}

@Article{Schwarzschild1999,
  Title                    = {On the gravitational field of a mass point according to Einstein's theory},
  Author                   = {Schwarzschild, Karl},
  Journal                  = {Sitzungsber.Preuss.Akad.Wiss.Berlin (Math.Phys.)},
  Year                     = {1999},
  Pages                    = {189--196},

  Abstract                 = {Translation by S. Antoci and A. Loinger of the fundamental memoir, that contains the ORIGINAL form of the solution of Schwarzschild's problem. The solution is regular in the whole space-time, with the only exception of the origin of the spatial co-ordinates; consequently, it leaves no room for the science fiction of the black holes. (In the centuries of the decline of the Roman Empire people said: ``Graecum est, non legitur''...).},
  Comments                 = {Plain TeX, 7 pages, English translation of the original paper by K. Schwarzschild},
  Eprint                   = {physics/9905030},
  Oai2identifier           = {physics/9905030},
  Translator               = {S. Antoci and A. Loinger}
}

@Article{Schwarzschild1916gravitationsfeld,
  Title                    = {Über das Gravitationsfeld einer Kugel aus inkompressibler Flüssigkeit nach der Einsteinschen Theorie},
  Author                   = {Schwarzschild, Karl},
  Journal                  = {Sitzungsberichte der Königlich Preussischen Akademie der Wissenschaften zu Berlin, Phys.-Math. Klasse},
  Year                     = {1916},

  Month                    = {March},
  Pages                    = {424--434},

  Booktitle                = {Sitzungsberichte der K{\"o}niglich Preussischen Akademie der Wissenschaften zu Berlin, Phys.-Math. Klasse, 424-434 (1916)}
}

@Article{schwarzschild1900ueber,
  Title                    = {Ueber das zulässige Krümmungsmaß des Raumes},
  Author                   = {Schwarzschild, Karl},
  Journal                  = {Vierteljahrsschrift der Astronomische Gesellschaft},
  Year                     = {1900},
  Pages                    = {337--347},

  Owner                    = {yfwang},
  Timestamp                = {2017.02.18}
}

@Article{de1917curvature,
  Title                    = {On the curvature of space},
  Author                   = {de Sitter, Willem},
  Journal                  = {Proc. Kon. Ned. Akad. Wet},
  Year                     = {1917},
  Pages                    = {229--243},
  Volume                   = {20},

  Owner                    = {yfwang},
  Timestamp                = {2017.03.23}
}

@Article{de1917relativity,
  Title                    = {On the relativity of inertia. Remarks concerning Einstein’s latest hypothesis},
  Author                   = {de Sitter, Willem},
  Journal                  = {Proc. Kon. Ned. Acad. Wet},
  Year                     = {1917},
  Number                   = {2},
  Pages                    = {1217--1225},
  Volume                   = {19},

  Owner                    = {yfwang},
  Timestamp                = {2017.03.23}
}

@Article{Stoeger1995,
  Title                    = {Proving almost-homogeneity of the universe: an almost Ehlers-Geren-Sachs theorem},
  Author                   = {Stoeger, W. R. and Maartens, R. and Ellis, G. F. R.},
  Journal                  = {The Astrophysical Journal},
  Year                     = {1995},

  Month                    = {Apr},
  Pages                    = {1},
  Volume                   = {443},

  Doi                      = {10.1086/175496},
  ISSN                     = {1538-4357},
  Owner                    = {yfwang},
  Publisher                = {IOP Publishing},
  Timestamp                = {2017.02.21},
  Url                      = {http://dx.doi.org/10.1086/175496}
}

@Article{szekeres1960singularities,
  Title                    = {On the singularities of a Riemannian manifold},
  Author                   = {Szekeres, Gy{\"o}rgy},
  Journal                  = {Publicationes Mathematicae Debrecen},
  Year                     = {1960},
  Pages                    = {285},
  Volume                   = {7},

  Url                      = {http://adsabs.harvard.edu/abs/1960PMatD...7..285S}
}

@Article{Szekeres2002,
  Title                    = {On the Singularities of a Riemannian Manifold},
  Author                   = {Szekeres, Peter},
  Journal                  = {General Relativity and Gravitation},
  Year                     = {2002},
  Number                   = {11},
  Pages                    = {1995--1999},
  Volume                   = {34},

  Doi                      = {10.1023/A:1020792830651},
  ISSN                     = {1572-9532},
  Related                  = {szekeres1960singularities},
  Relatedtype              = {reprintof},
  Url                      = {http://dx.doi.org/10.1023/A:1020792830651}
}

@Article{PhysRev.55.364,
  Title                    = {Static Solutions of Einstein's Field Equations for Spheres of Fluid},
  Author                   = {Tolman, Richard C.},
  Journal                  = {Phys. Rev.},
  Year                     = {1939},

  Month                    = {Feb},
  Pages                    = {364--373},
  Volume                   = {55},

  Doi                      = {10.1103/PhysRev.55.364},
  Issue                    = {4},
  Numpages                 = {0},
  Publisher                = {American Physical Society},
  Url                      = {http://link.aps.org/doi/10.1103/PhysRev.55.364}
}

@Article{Visser2005,
  Title                    = {Cosmography: Cosmology without the {Einstein} equations},
  Author                   = {Visser, Matt},
  Journal                  = {General Relativity and Gravitation},
  Year                     = {2005},

  Month                    = {Sep},
  Number                   = {9},
  Pages                    = {1541–1548},
  Volume                   = {37},

  Doi                      = {10.1007/s10714-005-0134-8},
  ISSN                     = {1572-9532},
  Owner                    = {yfwang},
  Publisher                = {Springer Nature},
  Timestamp                = {2017.03.06},
  Url                      = {http://dx.doi.org/10.1007/s10714-005-0134-8}
}

@Book{Wald1984,
  Title                    = {General Relativity},
  Author                   = {Wald, Robert M.},
  Publisher                = {University of Chicago Press},
  Year                     = {1984},

  Doi                      = {10.7208/chicago/9780226870373.001.0001},
  ISBN                     = {http://id.crossref.org/isbn/9780226870373},
  Owner                    = {yfwang},
  Timestamp                = {2017.02.16},
  Url                      = {http://dx.doi.org/10.7208/chicago/9780226870373.001.0001}
}

@Article{1933AcHPh...6..110Z,
  Title                    = {{Die Rotverschiebung von extragalaktischen Nebeln}},
  Author                   = {{Zwicky}, F.},
  Journal                  = {Helvetica Physica Acta},
  Year                     = {1933},
  Pages                    = {110-127},
  Volume                   = {6},

  Adsnote                  = {Provided by the SAO/NASA Astrophysics Data System},
  Adsurl                   = {http://adsabs.harvard.edu/abs/1933AcHPh...6..110Z},
  Owner                    = {yfwang},
  Timestamp                = {2016.11.17}
}

@comment{jabref-meta: databaseType:biblatex;}

@comment{jabref-entrytype: Online: req[] opt[]}

